<?xml version="1.0" encoding="UTF-8"?><collection xmlns="http://www.loc.gov/MARC21/slim"><record><leader>00360nam--2200133-i-4500</leader><controlfield tag="001">000040874</controlfield><controlfield tag="002">20161230</controlfield><controlfield tag="005">20161230201042</controlfield><controlfield tag="008">060222s1000------------r-----000-0-eng-d</controlfield><datafield ind1=" " ind2=" " tag="080"><subfield code="a">629.13(043)</subfield></datafield><datafield ind1=" " ind2=" " tag="100"><subfield code="a">Scibilia-cocheril, Marie-francoise</subfield></datafield><datafield ind1=" " ind2=" " tag="245"><subfield code="a">Etude de spoiler jetssen gaz rarefie. these</subfield></datafield><datafield ind1=" " ind2=" " tag="260"><subfield code="a">Paris, Univ.,1974. 28 P. + 33 Fig</subfield></datafield><datafield ind1=" " ind2=" " tag="852"><subfield code="a">77918</subfield></datafield></record></collection>